@book{gregory2009game,
  title={{Game Engine Architecture}},
  author={Gregory, J. and Lander, J.},
  year={2009},
  publisher={AK Peters Ltd}
}
